%YAML 1.1
%TAG !u! tag:unity3d.com,2011:
--- !u!1 &2099220850602152956
GameObject:
  m_ObjectHideFlags: 0
  m_CorrespondingSourceObject: {fileID: 0}
  m_PrefabInstance: {fileID: 0}
  m_PrefabAsset: {fileID: 0}
  serializedVersion: 6
  m_Component:
  - component: {fileID: 6335352989360207110}
  - component: {fileID: 677905717820055059}
  - component: {fileID: 5016101335585394367}
  - component: {fileID: 26285510401782351}
  m_Layer: 0
  m_Name: Pistol
  m_TagString: Untagged
  m_Icon: {fileID: 0}
  m_NavMeshLayer: 0
  m_StaticEditorFlags: 0
  m_IsActive: 1
--- !u!4 &6335352989360207110
Transform:
  m_ObjectHideFlags: 0
  m_CorrespondingSourceObject: {fileID: 0}
  m_PrefabInstance: {fileID: 0}
  m_PrefabAsset: {fileID: 0}
  m_GameObject: {fileID: 2099220850602152956}
  m_LocalRotation: {x: 0, y: 0, z: 0, w: 1}
  m_LocalPosition: {x: 0, y: 0, z: 0}
  m_LocalScale: {x: 1, y: 1, z: 1}
  m_Children:
  - {fileID: 8943207843682265870}
  - {fileID: 4886547888959236294}
  m_Father: {fileID: 0}
  m_RootOrder: 0
  m_LocalEulerAnglesHint: {x: 0, y: 0, z: 0}
--- !u!33 &677905717820055059
MeshFilter:
  m_ObjectHideFlags: 0
  m_CorrespondingSourceObject: {fileID: 0}
  m_PrefabInstance: {fileID: 0}
  m_PrefabAsset: {fileID: 0}
  m_GameObject: {fileID: 2099220850602152956}
  m_Mesh: {fileID: 2702856673997695365, guid: f5d3ef20f33df7d4c819250e570ca3b9, type: 3}
--- !u!23 &5016101335585394367
MeshRenderer:
  m_ObjectHideFlags: 0
  m_CorrespondingSourceObject: {fileID: 0}
  m_PrefabInstance: {fileID: 0}
  m_PrefabAsset: {fileID: 0}
  m_GameObject: {fileID: 2099220850602152956}
  m_Enabled: 1
  m_CastShadows: 1
  m_ReceiveShadows: 1
  m_DynamicOccludee: 1
  m_MotionVectors: 1
  m_LightProbeUsage: 1
  m_ReflectionProbeUsage: 1
  m_RayTracingMode: 2
  m_RenderingLayerMask: 1
  m_RendererPriority: 0
  m_Materials:
  - {fileID: 2100000, guid: af34336ca4e00fd4ea9218d99156b27a, type: 2}
  m_StaticBatchInfo:
    firstSubMesh: 0
    subMeshCount: 0
  m_StaticBatchRoot: {fileID: 0}
  m_ProbeAnchor: {fileID: 0}
  m_LightProbeVolumeOverride: {fileID: 0}
  m_ScaleInLightmap: 1
  m_ReceiveGI: 1
  m_PreserveUVs: 0
  m_IgnoreNormalsForChartDetection: 0
  m_ImportantGI: 0
  m_StitchLightmapSeams: 1
  m_SelectedEditorRenderState: 3
  m_MinimumChartSize: 4
  m_AutoUVMaxDistance: 0.5
  m_AutoUVMaxAngle: 89
  m_LightmapParameters: {fileID: 0}
  m_SortingLayerID: 0
  m_SortingLayer: 0
  m_SortingOrder: 0
--- !u!114 &26285510401782351
MonoBehaviour:
  m_ObjectHideFlags: 0
  m_CorrespondingSourceObject: {fileID: 0}
  m_PrefabInstance: {fileID: 0}
  m_PrefabAsset: {fileID: 0}
  m_GameObject: {fileID: 2099220850602152956}
  m_Enabled: 1
  m_EditorHideFlags: 0
  m_Script: {fileID: 11500000, guid: 489bbc2a745ae5f40a5ebcf69db52206, type: 3}
  m_Name: 
  m_EditorClassIdentifier: 
  damage: 0
  armor: 0
  weaponName: 
  animationName: Pistol
  is2Handed: 0
  bulletMoveType: 0
  soundFX:
  - {fileID: 8300000, guid: 569f2c37375a1834797174b32bc049bc, type: 3}
  - {fileID: 8300000, guid: 3bee310a9aa37a141b5ff9189fd89b54, type: 3}
  animution: {fileID: 1203708572482856, guid: 10ad1120f54e1924e945f7c26f3fabe3, type: 3}
  firePoint: {fileID: 4886547888959236294}
  muzzleFX: {fileID: 9138394295843037988}
--- !u!1 &5362716400830320296
GameObject:
  m_ObjectHideFlags: 0
  m_CorrespondingSourceObject: {fileID: 0}
  m_PrefabInstance: {fileID: 0}
  m_PrefabAsset: {fileID: 0}
  serializedVersion: 6
  m_Component:
  - component: {fileID: 4886547888959236294}
  m_Layer: 0
  m_Name: FirePoint
  m_TagString: Untagged
  m_Icon: {fileID: 0}
  m_NavMeshLayer: 0
  m_StaticEditorFlags: 0
  m_IsActive: 1
--- !u!4 &4886547888959236294
Transform:
  m_ObjectHideFlags: 0
  m_CorrespondingSourceObject: {fileID: 0}
  m_PrefabInstance: {fileID: 0}
  m_PrefabAsset: {fileID: 0}
  m_GameObject: {fileID: 5362716400830320296}
  m_LocalRotation: {x: 0, y: 0.7071068, z: 0, w: 0.7071068}
  m_LocalPosition: {x: 0.328, y: 0.17, z: 0}
  m_LocalScale: {x: 1, y: 1, z: 1}
  m_Children: []
  m_Father: {fileID: 6335352989360207110}
  m_RootOrder: 1
  m_LocalEulerAnglesHint: {x: 0, y: 90, z: 0}
--- !u!1001 &8940546755382504890
PrefabInstance:
  m_ObjectHideFlags: 0
  serializedVersion: 2
  m_Modification:
    m_TransformParent: {fileID: 6335352989360207110}
    m_Modifications:
    - target: {fileID: 1670457245891842, guid: acad5363ee599db48a2fc0aecd98bc29, type: 3}
      propertyPath: m_Name
      value: MuzzleFlashBulletYellow
      objectReference: {fileID: 0}
    - target: {fileID: 4393378946172596, guid: acad5363ee599db48a2fc0aecd98bc29, type: 3}
      propertyPath: m_RootOrder
      value: 0
      objectReference: {fileID: 0}
    - target: {fileID: 4393378946172596, guid: acad5363ee599db48a2fc0aecd98bc29, type: 3}
      propertyPath: m_LocalPosition.x
      value: 0.328
      objectReference: {fileID: 0}
    - target: {fileID: 4393378946172596, guid: acad5363ee599db48a2fc0aecd98bc29, type: 3}
      propertyPath: m_LocalPosition.y
      value: 0.17
      objectReference: {fileID: 0}
    - target: {fileID: 4393378946172596, guid: acad5363ee599db48a2fc0aecd98bc29, type: 3}
      propertyPath: m_LocalPosition.z
      value: 0
      objectReference: {fileID: 0}
    - target: {fileID: 4393378946172596, guid: acad5363ee599db48a2fc0aecd98bc29, type: 3}
      propertyPath: m_LocalRotation.w
      value: 0.7071068
      objectReference: {fileID: 0}
    - target: {fileID: 4393378946172596, guid: acad5363ee599db48a2fc0aecd98bc29, type: 3}
      propertyPath: m_LocalRotation.x
      value: 0
      objectReference: {fileID: 0}
    - target: {fileID: 4393378946172596, guid: acad5363ee599db48a2fc0aecd98bc29, type: 3}
      propertyPath: m_LocalRotation.y
      value: 0.7071068
      objectReference: {fileID: 0}
    - target: {fileID: 4393378946172596, guid: acad5363ee599db48a2fc0aecd98bc29, type: 3}
      propertyPath: m_LocalRotation.z
      value: 0
      objectReference: {fileID: 0}
    - target: {fileID: 4393378946172596, guid: acad5363ee599db48a2fc0aecd98bc29, type: 3}
      propertyPath: m_LocalEulerAnglesHint.x
      value: 0
      objectReference: {fileID: 0}
    - target: {fileID: 4393378946172596, guid: acad5363ee599db48a2fc0aecd98bc29, type: 3}
      propertyPath: m_LocalEulerAnglesHint.y
      value: 90
      objectReference: {fileID: 0}
    - target: {fileID: 4393378946172596, guid: acad5363ee599db48a2fc0aecd98bc29, type: 3}
      propertyPath: m_LocalEulerAnglesHint.z
      value: 0
      objectReference: {fileID: 0}
    - target: {fileID: 198209177904839318, guid: acad5363ee599db48a2fc0aecd98bc29,
        type: 3}
      propertyPath: playOnAwake
      value: 0
      objectReference: {fileID: 0}
    - target: {fileID: 198486959095959198, guid: acad5363ee599db48a2fc0aecd98bc29,
        type: 3}
      propertyPath: playOnAwake
      value: 0
      objectReference: {fileID: 0}
    - target: {fileID: 198581869259370952, guid: acad5363ee599db48a2fc0aecd98bc29,
        type: 3}
      propertyPath: playOnAwake
      value: 0
      objectReference: {fileID: 0}
    - target: {fileID: 198912302681556652, guid: acad5363ee599db48a2fc0aecd98bc29,
        type: 3}
      propertyPath: playOnAwake
      value: 0
      objectReference: {fileID: 0}
    - target: {fileID: 199106327641252438, guid: acad5363ee599db48a2fc0aecd98bc29,
        type: 3}
      propertyPath: m_Materials.Array.size
      value: 2
      objectReference: {fileID: 0}
    - target: {fileID: 199106327641252438, guid: acad5363ee599db48a2fc0aecd98bc29,
        type: 3}
      propertyPath: m_Materials.Array.data[1]
      value: 
      objectReference: {fileID: 0}
    - target: {fileID: 199110995303241234, guid: acad5363ee599db48a2fc0aecd98bc29,
        type: 3}
      propertyPath: m_Materials.Array.size
      value: 2
      objectReference: {fileID: 0}
    - target: {fileID: 199110995303241234, guid: acad5363ee599db48a2fc0aecd98bc29,
        type: 3}
      propertyPath: m_Materials.Array.data[1]
      value: 
      objectReference: {fileID: 0}
    - target: {fileID: 199127594633947012, guid: acad5363ee599db48a2fc0aecd98bc29,
        type: 3}
      propertyPath: m_Materials.Array.size
      value: 2
      objectReference: {fileID: 0}
    - target: {fileID: 199127594633947012, guid: acad5363ee599db48a2fc0aecd98bc29,
        type: 3}
      propertyPath: m_Materials.Array.data[1]
      value: 
      objectReference: {fileID: 0}
    - target: {fileID: 199824147390339788, guid: acad5363ee599db48a2fc0aecd98bc29,
        type: 3}
      propertyPath: m_Materials.Array.size
      value: 2
      objectReference: {fileID: 0}
    - target: {fileID: 199824147390339788, guid: acad5363ee599db48a2fc0aecd98bc29,
        type: 3}
      propertyPath: m_Materials.Array.data[1]
      value: 
      objectReference: {fileID: 0}
    m_RemovedComponents: []
  m_SourcePrefab: {fileID: 100100000, guid: acad5363ee599db48a2fc0aecd98bc29, type: 3}
--- !u!4 &8943207843682265870 stripped
Transform:
  m_CorrespondingSourceObject: {fileID: 4393378946172596, guid: acad5363ee599db48a2fc0aecd98bc29,
    type: 3}
  m_PrefabInstance: {fileID: 8940546755382504890}
  m_PrefabAsset: {fileID: 0}
--- !u!198 &9138394295843037988 stripped
ParticleSystem:
  m_CorrespondingSourceObject: {fileID: 198486959095959198, guid: acad5363ee599db48a2fc0aecd98bc29,
    type: 3}
  m_PrefabInstance: {fileID: 8940546755382504890}
  m_PrefabAsset: {fileID: 0}
